@misc {
    tmdb,
	author={The Movie Database},
	title={The Movie Database (TMDb)},
	note={Consulté en 2019},
	howpublished = "\url{https://www.themoviedb.org/}"
}

@misc {
    omdb,
	author={The Movie Database},
	title={The Movie Database (TMDb)},
	note={Consulté en 2019},
	howpublished = "\url{https://www.themoviedb.org/}"
}

@misc {
    akka,
	author={Akka HTTP},
	title={Akka HTTP},
	note={Consulté en 2019},
	howpublished = "\url{https://doc.akka.io/docs/akka-http/current/index.html}"
}

@misc {
    ref2,
	author={Jean-Francois Dockes},
	title={Extended attributes and tag file systems},
	month={juillet},
	year={2015},
	note={Consulté le 04.05.2018},
	howpublished = "\url{https://www.lesbonscomptes.com/pages/tagfs.html}"
}

@book {
    ref3,
	author={Jean-François Hêche},
	title={{G}raphes \& {R}éseaux},
	month={février},
	year={2012},
	note={Consulté le 13.06.2018}
}
